% TODO
% http://onnx.ai/  a open format to represent deep learning models

% https://aws.amazon.com/ec2/elastic-gpus/
% https://cloud.google.com/tpu/

% etc
% https://www.algorithmia.com/ mentioned in Azure's GPU blog, a place to host model

% chatbot
@article{liu2016not,
  title={How NOT to evaluate your dialogue system: An empirical study of unsupervised evaluation metrics for dialogue response generation},
  author={Liu, Chia-Wei and Lowe, Ryan and Serban, Iulian V and Noseworthy, Michael and Charlin, Laurent and Pineau, Joelle},
  journal={arXiv preprint arXiv:1603.08023},
  year={2016}
}
